%YAML 1.1
%TAG !u! tag:unity3d.com,2011:
--- !u!1101 &-6816235803027497855
AnimatorStateTransition:
  m_ObjectHideFlags: 1
  m_CorrespondingSourceObject: {fileID: 0}
  m_PrefabInstance: {fileID: 0}
  m_PrefabAsset: {fileID: 0}
  m_Name: 
  m_Conditions:
  - m_ConditionMode: 3
    m_ConditionEvent: Horizontal
    m_EventTreshold: 0
  - m_ConditionMode: 3
    m_ConditionEvent: Speed
    m_EventTreshold: 0.01
  m_DstStateMachine: {fileID: 0}
  m_DstState: {fileID: -1494029593700599017}
  m_Solo: 0
  m_Mute: 0
  m_IsExit: 0
  serializedVersion: 3
  m_TransitionDuration: 0.005555555
  m_TransitionOffset: 0
  m_ExitTime: 0.29062128
  m_HasExitTime: 0
  m_HasFixedDuration: 1
  m_InterruptionSource: 0
  m_OrderedInterruption: 1
  m_CanTransitionToSelf: 1
--- !u!1101 &-6304930641786892603
AnimatorStateTransition:
  m_ObjectHideFlags: 1
  m_CorrespondingSourceObject: {fileID: 0}
  m_PrefabInstance: {fileID: 0}
  m_PrefabAsset: {fileID: 0}
  m_Name: 
  m_Conditions:
  - m_ConditionMode: 4
    m_ConditionEvent: Speed
    m_EventTreshold: 0.01
  m_DstStateMachine: {fileID: 0}
  m_DstState: {fileID: 7232375913790867315}
  m_Solo: 0
  m_Mute: 0
  m_IsExit: 0
  serializedVersion: 3
  m_TransitionDuration: 0.016666666
  m_TransitionOffset: 0
  m_ExitTime: 0.21236575
  m_HasExitTime: 0
  m_HasFixedDuration: 1
  m_InterruptionSource: 0
  m_OrderedInterruption: 1
  m_CanTransitionToSelf: 1
--- !u!1101 &-5961726484658466581
AnimatorStateTransition:
  m_ObjectHideFlags: 1
  m_CorrespondingSourceObject: {fileID: 0}
  m_PrefabInstance: {fileID: 0}
  m_PrefabAsset: {fileID: 0}
  m_Name: 
  m_Conditions:
  - m_ConditionMode: 3
    m_ConditionEvent: Vertical
    m_EventTreshold: 0
  - m_ConditionMode: 3
    m_ConditionEvent: Speed
    m_EventTreshold: 0.01
  m_DstStateMachine: {fileID: 0}
  m_DstState: {fileID: 3845424971648431076}
  m_Solo: 0
  m_Mute: 0
  m_IsExit: 0
  serializedVersion: 3
  m_TransitionDuration: 0.0072580576
  m_TransitionOffset: 0
  m_ExitTime: 0.29435486
  m_HasExitTime: 0
  m_HasFixedDuration: 1
  m_InterruptionSource: 0
  m_OrderedInterruption: 1
  m_CanTransitionToSelf: 1
--- !u!1101 &-2695596609830804733
AnimatorStateTransition:
  m_ObjectHideFlags: 1
  m_CorrespondingSourceObject: {fileID: 0}
  m_PrefabInstance: {fileID: 0}
  m_PrefabAsset: {fileID: 0}
  m_Name: 
  m_Conditions:
  - m_ConditionMode: 3
    m_ConditionEvent: Speed
    m_EventTreshold: 0.01
  - m_ConditionMode: 3
    m_ConditionEvent: Horizontal
    m_EventTreshold: 0
  m_DstStateMachine: {fileID: 0}
  m_DstState: {fileID: -1494029593700599017}
  m_Solo: 0
  m_Mute: 0
  m_IsExit: 0
  serializedVersion: 3
  m_TransitionDuration: 0.25
  m_TransitionOffset: 0
  m_ExitTime: 0.6875
  m_HasExitTime: 1
  m_HasFixedDuration: 1
  m_InterruptionSource: 0
  m_OrderedInterruption: 1
  m_CanTransitionToSelf: 1
--- !u!1101 &-2540859792625189138
AnimatorStateTransition:
  m_ObjectHideFlags: 1
  m_CorrespondingSourceObject: {fileID: 0}
  m_PrefabInstance: {fileID: 0}
  m_PrefabAsset: {fileID: 0}
  m_Name: 
  m_Conditions:
  - m_ConditionMode: 3
    m_ConditionEvent: Speed
    m_EventTreshold: 0.01
  - m_ConditionMode: 4
    m_ConditionEvent: Vertical
    m_EventTreshold: 0
  m_DstStateMachine: {fileID: 0}
  m_DstState: {fileID: 1808265409417482354}
  m_Solo: 0
  m_Mute: 0
  m_IsExit: 0
  serializedVersion: 3
  m_TransitionDuration: 0.25
  m_TransitionOffset: 0
  m_ExitTime: 0.6875
  m_HasExitTime: 0
  m_HasFixedDuration: 1
  m_InterruptionSource: 0
  m_OrderedInterruption: 1
  m_CanTransitionToSelf: 1
--- !u!1101 &-1584143888470425432
AnimatorStateTransition:
  m_ObjectHideFlags: 1
  m_CorrespondingSourceObject: {fileID: 0}
  m_PrefabInstance: {fileID: 0}
  m_PrefabAsset: {fileID: 0}
  m_Name: 
  m_Conditions:
  - m_ConditionMode: 3
    m_ConditionEvent: Speed
    m_EventTreshold: 0.01
  - m_ConditionMode: 4
    m_ConditionEvent: Horizontal
    m_EventTreshold: 0
  m_DstStateMachine: {fileID: 0}
  m_DstState: {fileID: -1425194531649873351}
  m_Solo: 0
  m_Mute: 0
  m_IsExit: 0
  serializedVersion: 3
  m_TransitionDuration: 0.25
  m_TransitionOffset: 0
  m_ExitTime: 0.6875
  m_HasExitTime: 0
  m_HasFixedDuration: 1
  m_InterruptionSource: 0
  m_OrderedInterruption: 1
  m_CanTransitionToSelf: 1
--- !u!1102 &-1494029593700599017
AnimatorState:
  serializedVersion: 6
  m_ObjectHideFlags: 1
  m_CorrespondingSourceObject: {fileID: 0}
  m_PrefabInstance: {fileID: 0}
  m_PrefabAsset: {fileID: 0}
  m_Name: Walk Right
  m_Speed: 1
  m_CycleOffset: 0
  m_Transitions:
  - {fileID: 2258462924752509693}
  - {fileID: 52573196920016840}
  - {fileID: 5530612560746374619}
  m_StateMachineBehaviours: []
  m_Position: {x: 50, y: 50, z: 0}
  m_IKOnFeet: 0
  m_WriteDefaultValues: 1
  m_Mirror: 0
  m_SpeedParameterActive: 0
  m_MirrorParameterActive: 0
  m_CycleOffsetParameterActive: 0
  m_TimeParameterActive: 0
  m_Motion: {fileID: 7400000, guid: 7cd3c30558891a843b544717e7555dc4, type: 2}
  m_Tag: 
  m_SpeedParameter: 
  m_MirrorParameter: 
  m_CycleOffsetParameter: 
  m_TimeParameter: 
--- !u!1102 &-1425194531649873351
AnimatorState:
  serializedVersion: 6
  m_ObjectHideFlags: 1
  m_CorrespondingSourceObject: {fileID: 0}
  m_PrefabInstance: {fileID: 0}
  m_PrefabAsset: {fileID: 0}
  m_Name: Walk Left
  m_Speed: 1
  m_CycleOffset: 0
  m_Transitions:
  - {fileID: -6304930641786892603}
  - {fileID: 650458254976238003}
  - {fileID: -2540859792625189138}
  m_StateMachineBehaviours: []
  m_Position: {x: 50, y: 50, z: 0}
  m_IKOnFeet: 0
  m_WriteDefaultValues: 1
  m_Mirror: 0
  m_SpeedParameterActive: 0
  m_MirrorParameterActive: 0
  m_CycleOffsetParameterActive: 0
  m_TimeParameterActive: 0
  m_Motion: {fileID: 7400000, guid: feda3171c8a3f1e468dbf1d8b7c1b100, type: 2}
  m_Tag: 
  m_SpeedParameter: 
  m_MirrorParameter: 
  m_CycleOffsetParameter: 
  m_TimeParameter: 
--- !u!1107 &-404473255852965395
AnimatorStateMachine:
  serializedVersion: 6
  m_ObjectHideFlags: 1
  m_CorrespondingSourceObject: {fileID: 0}
  m_PrefabInstance: {fileID: 0}
  m_PrefabAsset: {fileID: 0}
  m_Name: Base Layer
  m_ChildStates:
  - serializedVersion: 1
    m_State: {fileID: 7232375913790867315}
    m_Position: {x: 260, y: 110, z: 0}
  - serializedVersion: 1
    m_State: {fileID: 1808265409417482354}
    m_Position: {x: 540, y: 280, z: 0}
  - serializedVersion: 1
    m_State: {fileID: 3845424971648431076}
    m_Position: {x: 750, y: 10, z: 0}
  - serializedVersion: 1
    m_State: {fileID: -1425194531649873351}
    m_Position: {x: 540, y: -80, z: 0}
  - serializedVersion: 1
    m_State: {fileID: -1494029593700599017}
    m_Position: {x: 710, y: 170, z: 0}
  m_ChildStateMachines: []
  m_AnyStateTransitions: []
  m_EntryTransitions: []
  m_StateMachineTransitions: {}
  m_StateMachineBehaviours: []
  m_AnyStatePosition: {x: 50, y: 20, z: 0}
  m_EntryPosition: {x: 50, y: 120, z: 0}
  m_ExitPosition: {x: 930, y: 130, z: 0}
  m_ParentStateMachinePosition: {x: 800, y: 20, z: 0}
  m_DefaultState: {fileID: 7232375913790867315}
--- !u!91 &9100000
AnimatorController:
  m_ObjectHideFlags: 0
  m_CorrespondingSourceObject: {fileID: 0}
  m_PrefabInstance: {fileID: 0}
  m_PrefabAsset: {fileID: 0}
  m_Name: Player Explorer (1)
  serializedVersion: 5
  m_AnimatorParameters:
  - m_Name: Blend
    m_Type: 1
    m_DefaultFloat: 0
    m_DefaultInt: 0
    m_DefaultBool: 0
    m_Controller: {fileID: 0}
  - m_Name: Horizontal
    m_Type: 1
    m_DefaultFloat: 0
    m_DefaultInt: 0
    m_DefaultBool: 0
    m_Controller: {fileID: 0}
  - m_Name: Vertical
    m_Type: 1
    m_DefaultFloat: 0
    m_DefaultInt: 0
    m_DefaultBool: 0
    m_Controller: {fileID: 0}
  - m_Name: Speed
    m_Type: 1
    m_DefaultFloat: 0
    m_DefaultInt: 0
    m_DefaultBool: 0
    m_Controller: {fileID: 0}
  m_AnimatorLayers:
  - serializedVersion: 5
    m_Name: Base Layer
    m_StateMachine: {fileID: -404473255852965395}
    m_Mask: {fileID: 0}
    m_Motions: []
    m_Behaviours: []
    m_BlendingMode: 0
    m_SyncedLayerIndex: -1
    m_DefaultWeight: 0
    m_IKPass: 0
    m_SyncedLayerAffectsTiming: 0
    m_Controller: {fileID: 9100000}
--- !u!1101 &52573196920016840
AnimatorStateTransition:
  m_ObjectHideFlags: 1
  m_CorrespondingSourceObject: {fileID: 0}
  m_PrefabInstance: {fileID: 0}
  m_PrefabAsset: {fileID: 0}
  m_Name: 
  m_Conditions:
  - m_ConditionMode: 3
    m_ConditionEvent: Speed
    m_EventTreshold: 0.01
  - m_ConditionMode: 3
    m_ConditionEvent: Vertical
    m_EventTreshold: 0
  m_DstStateMachine: {fileID: 0}
  m_DstState: {fileID: 3845424971648431076}
  m_Solo: 0
  m_Mute: 0
  m_IsExit: 0
  serializedVersion: 3
  m_TransitionDuration: 0.25
  m_TransitionOffset: 0
  m_ExitTime: 0.6875
  m_HasExitTime: 0
  m_HasFixedDuration: 1
  m_InterruptionSource: 0
  m_OrderedInterruption: 1
  m_CanTransitionToSelf: 1
--- !u!1101 &650458254976238003
AnimatorStateTransition:
  m_ObjectHideFlags: 1
  m_CorrespondingSourceObject: {fileID: 0}
  m_PrefabInstance: {fileID: 0}
  m_PrefabAsset: {fileID: 0}
  m_Name: 
  m_Conditions:
  - m_ConditionMode: 3
    m_ConditionEvent: Speed
    m_EventTreshold: 0.01
  - m_ConditionMode: 3
    m_ConditionEvent: Vertical
    m_EventTreshold: 0
  m_DstStateMachine: {fileID: 0}
  m_DstState: {fileID: 3845424971648431076}
  m_Solo: 0
  m_Mute: 0
  m_IsExit: 0
  serializedVersion: 3
  m_TransitionDuration: 0.09220427
  m_TransitionOffset: 0
  m_ExitTime: 0.6875
  m_HasExitTime: 0
  m_HasFixedDuration: 1
  m_InterruptionSource: 0
  m_OrderedInterruption: 1
  m_CanTransitionToSelf: 1
--- !u!1101 &917661740822965428
AnimatorStateTransition:
  m_ObjectHideFlags: 1
  m_CorrespondingSourceObject: {fileID: 0}
  m_PrefabInstance: {fileID: 0}
  m_PrefabAsset: {fileID: 0}
  m_Name: 
  m_Conditions:
  - m_ConditionMode: 3
    m_ConditionEvent: Speed
    m_EventTreshold: 0.01
  - m_ConditionMode: 3
    m_ConditionEvent: Horizontal
    m_EventTreshold: 0
  m_DstStateMachine: {fileID: 0}
  m_DstState: {fileID: -1494029593700599017}
  m_Solo: 0
  m_Mute: 0
  m_IsExit: 0
  serializedVersion: 3
  m_TransitionDuration: 0.25
  m_TransitionOffset: 0
  m_ExitTime: 0.6875
  m_HasExitTime: 0
  m_HasFixedDuration: 1
  m_InterruptionSource: 0
  m_OrderedInterruption: 1
  m_CanTransitionToSelf: 1
--- !u!1102 &1808265409417482354
AnimatorState:
  serializedVersion: 6
  m_ObjectHideFlags: 1
  m_CorrespondingSourceObject: {fileID: 0}
  m_PrefabInstance: {fileID: 0}
  m_PrefabAsset: {fileID: 0}
  m_Name: Down
  m_Speed: 1
  m_CycleOffset: 0
  m_Transitions:
  - {fileID: 7651992618533070481}
  - {fileID: 917661740822965428}
  - {fileID: -1584143888470425432}
  m_StateMachineBehaviours: []
  m_Position: {x: 50, y: 50, z: 0}
  m_IKOnFeet: 0
  m_WriteDefaultValues: 1
  m_Mirror: 0
  m_SpeedParameterActive: 0
  m_MirrorParameterActive: 0
  m_CycleOffsetParameterActive: 0
  m_TimeParameterActive: 0
  m_Motion: {fileID: 7400000, guid: 75a66c194ae5121418f8c86d277503f9, type: 2}
  m_Tag: 
  m_SpeedParameter: 
  m_MirrorParameter: 
  m_CycleOffsetParameter: 
  m_TimeParameter: 
--- !u!1101 &2258462924752509693
AnimatorStateTransition:
  m_ObjectHideFlags: 1
  m_CorrespondingSourceObject: {fileID: 0}
  m_PrefabInstance: {fileID: 0}
  m_PrefabAsset: {fileID: 0}
  m_Name: 
  m_Conditions:
  - m_ConditionMode: 4
    m_ConditionEvent: Speed
    m_EventTreshold: 0.01
  m_DstStateMachine: {fileID: 0}
  m_DstState: {fileID: 7232375913790867315}
  m_Solo: 0
  m_Mute: 0
  m_IsExit: 0
  serializedVersion: 3
  m_TransitionDuration: 0.009139754
  m_TransitionOffset: 0
  m_ExitTime: 0.023817882
  m_HasExitTime: 0
  m_HasFixedDuration: 1
  m_InterruptionSource: 0
  m_OrderedInterruption: 1
  m_CanTransitionToSelf: 1
--- !u!1101 &2867030619106913812
AnimatorStateTransition:
  m_ObjectHideFlags: 1
  m_CorrespondingSourceObject: {fileID: 0}
  m_PrefabInstance: {fileID: 0}
  m_PrefabAsset: {fileID: 0}
  m_Name: 
  m_Conditions:
  - m_ConditionMode: 4
    m_ConditionEvent: Speed
    m_EventTreshold: 0.01
  m_DstStateMachine: {fileID: 0}
  m_DstState: {fileID: 7232375913790867315}
  m_Solo: 0
  m_Mute: 0
  m_IsExit: 0
  serializedVersion: 3
  m_TransitionDuration: 0.013440847
  m_TransitionOffset: 0
  m_ExitTime: 0.2029572
  m_HasExitTime: 0
  m_HasFixedDuration: 1
  m_InterruptionSource: 0
  m_OrderedInterruption: 1
  m_CanTransitionToSelf: 1
--- !u!1102 &3845424971648431076
AnimatorState:
  serializedVersion: 6
  m_ObjectHideFlags: 1
  m_CorrespondingSourceObject: {fileID: 0}
  m_PrefabInstance: {fileID: 0}
  m_PrefabAsset: {fileID: 0}
  m_Name: Up
  m_Speed: 1
  m_CycleOffset: 0
  m_Transitions:
  - {fileID: 2867030619106913812}
  - {fileID: -2695596609830804733}
  - {fileID: 8732224177993069169}
  m_StateMachineBehaviours: []
  m_Position: {x: 50, y: 50, z: 0}
  m_IKOnFeet: 0
  m_WriteDefaultValues: 1
  m_Mirror: 0
  m_SpeedParameterActive: 0
  m_MirrorParameterActive: 0
  m_CycleOffsetParameterActive: 0
  m_TimeParameterActive: 0
  m_Motion: {fileID: 7400000, guid: 85a5699124ffd0a41ad6c7babecd17f4, type: 2}
  m_Tag: 
  m_SpeedParameter: 
  m_MirrorParameter: 
  m_CycleOffsetParameter: 
  m_TimeParameter: 
--- !u!1101 &5530612560746374619
AnimatorStateTransition:
  m_ObjectHideFlags: 1
  m_CorrespondingSourceObject: {fileID: 0}
  m_PrefabInstance: {fileID: 0}
  m_PrefabAsset: {fileID: 0}
  m_Name: 
  m_Conditions:
  - m_ConditionMode: 3
    m_ConditionEvent: Speed
    m_EventTreshold: 0.01
  - m_ConditionMode: 4
    m_ConditionEvent: Vertical
    m_EventTreshold: 0
  m_DstStateMachine: {fileID: 0}
  m_DstState: {fileID: 1808265409417482354}
  m_Solo: 0
  m_Mute: 0
  m_IsExit: 0
  serializedVersion: 3
  m_TransitionDuration: 0.25
  m_TransitionOffset: 0
  m_ExitTime: 0.6875
  m_HasExitTime: 0
  m_HasFixedDuration: 1
  m_InterruptionSource: 0
  m_OrderedInterruption: 1
  m_CanTransitionToSelf: 1
--- !u!1101 &5533147295840011500
AnimatorStateTransition:
  m_ObjectHideFlags: 1
  m_CorrespondingSourceObject: {fileID: 0}
  m_PrefabInstance: {fileID: 0}
  m_PrefabAsset: {fileID: 0}
  m_Name: 
  m_Conditions:
  - m_ConditionMode: 4
    m_ConditionEvent: Horizontal
    m_EventTreshold: 0
  - m_ConditionMode: 3
    m_ConditionEvent: Speed
    m_EventTreshold: 0.01
  m_DstStateMachine: {fileID: 0}
  m_DstState: {fileID: -1425194531649873351}
  m_Solo: 0
  m_Mute: 0
  m_IsExit: 0
  serializedVersion: 3
  m_TransitionDuration: 0.0064516068
  m_TransitionOffset: 0
  m_ExitTime: 0.2822581
  m_HasExitTime: 0
  m_HasFixedDuration: 1
  m_InterruptionSource: 0
  m_OrderedInterruption: 1
  m_CanTransitionToSelf: 1
--- !u!1101 &7142369930532864652
AnimatorStateTransition:
  m_ObjectHideFlags: 1
  m_CorrespondingSourceObject: {fileID: 0}
  m_PrefabInstance: {fileID: 0}
  m_PrefabAsset: {fileID: 0}
  m_Name: 
  m_Conditions:
  - m_ConditionMode: 4
    m_ConditionEvent: Vertical
    m_EventTreshold: 0
  - m_ConditionMode: 3
    m_ConditionEvent: Speed
    m_EventTreshold: 0.01
  m_DstStateMachine: {fileID: 0}
  m_DstState: {fileID: 1808265409417482354}
  m_Solo: 0
  m_Mute: 0
  m_IsExit: 0
  serializedVersion: 3
  m_TransitionDuration: 0
  m_TransitionOffset: 0.003920271
  m_ExitTime: 0.28539425
  m_HasExitTime: 0
  m_HasFixedDuration: 1
  m_InterruptionSource: 0
  m_OrderedInterruption: 1
  m_CanTransitionToSelf: 1
--- !u!1102 &7232375913790867315
AnimatorState:
  serializedVersion: 6
  m_ObjectHideFlags: 1
  m_CorrespondingSourceObject: {fileID: 0}
  m_PrefabInstance: {fileID: 0}
  m_PrefabAsset: {fileID: 0}
  m_Name: Idle Up
  m_Speed: 1
  m_CycleOffset: 0
  m_Transitions:
  - {fileID: 7142369930532864652}
  - {fileID: -5961726484658466581}
  - {fileID: 5533147295840011500}
  - {fileID: -6816235803027497855}
  m_StateMachineBehaviours: []
  m_Position: {x: 50, y: 50, z: 0}
  m_IKOnFeet: 0
  m_WriteDefaultValues: 1
  m_Mirror: 0
  m_SpeedParameterActive: 0
  m_MirrorParameterActive: 0
  m_CycleOffsetParameterActive: 0
  m_TimeParameterActive: 0
  m_Motion: {fileID: 7400000, guid: 7744dfb30c92210439f3ab1494428fdf, type: 2}
  m_Tag: 
  m_SpeedParameter: 
  m_MirrorParameter: 
  m_CycleOffsetParameter: 
  m_TimeParameter: 
--- !u!1101 &7651992618533070481
AnimatorStateTransition:
  m_ObjectHideFlags: 1
  m_CorrespondingSourceObject: {fileID: 0}
  m_PrefabInstance: {fileID: 0}
  m_PrefabAsset: {fileID: 0}
  m_Name: 
  m_Conditions:
  - m_ConditionMode: 4
    m_ConditionEvent: Speed
    m_EventTreshold: 0.01
  m_DstStateMachine: {fileID: 0}
  m_DstState: {fileID: 7232375913790867315}
  m_Solo: 0
  m_Mute: 0
  m_IsExit: 0
  serializedVersion: 3
  m_TransitionDuration: 0
  m_TransitionOffset: 0
  m_ExitTime: 0.20766139
  m_HasExitTime: 0
  m_HasFixedDuration: 1
  m_InterruptionSource: 0
  m_OrderedInterruption: 1
  m_CanTransitionToSelf: 1
--- !u!1101 &8732224177993069169
AnimatorStateTransition:
  m_ObjectHideFlags: 1
  m_CorrespondingSourceObject: {fileID: 0}
  m_PrefabInstance: {fileID: 0}
  m_PrefabAsset: {fileID: 0}
  m_Name: 
  m_Conditions:
  - m_ConditionMode: 3
    m_ConditionEvent: Speed
    m_EventTreshold: 0.01
  - m_ConditionMode: 4
    m_ConditionEvent: Horizontal
    m_EventTreshold: 0
  m_DstStateMachine: {fileID: 0}
  m_DstState: {fileID: -1425194531649873351}
  m_Solo: 0
  m_Mute: 0
  m_IsExit: 0
  serializedVersion: 3
  m_TransitionDuration: 0.25
  m_TransitionOffset: 0
  m_ExitTime: 0.6875
  m_HasExitTime: 0
  m_HasFixedDuration: 1
  m_InterruptionSource: 0
  m_OrderedInterruption: 1
  m_CanTransitionToSelf: 1
